@inproceedings{norell2008dependently,
  title={Dependently typed programming in Agda},
  author={Norell, Ulf},
  booktitle={International School on Advanced Functional Programming},
  pages={230--266},
  year={2008},
  organization={Springer}
}

@article{nakamoto2008bitcoin,
  title={Bitcoin: A peer-to-peer electronic cash system},
  author={Nakamoto, Satoshi and others},
  year={2008},
  publisher={Working Paper}
}

@article{setzer2018modelling,
  title={Modelling Bitcoin in Agda},
  author={Setzer, Anton},
  journal={arXiv preprint arXiv:1804.06398},
  year={2018}
}

@article{wood2014ethereum,
  title={Ethereum: A secure decentralised generalised transaction ledger},
  author={Wood, Gavin and others},
  journal={Ethereum project yellow paper},
  volume={151},
  pages={1--32},
  year={2014}
}

@article{noether2015ring,
  title={Ring SIgnature Confidential Transactions for Monero.},
  author={Noether, Shen},
  journal={IACR Cryptology ePrint Archive},
  volume={2015},
  pages={1098},
  year={2015}
}

@article{panurach1996money,
  title={Money in electronic commerce: Digital cash, electronic fund transfer, and ecash},
  author={Panurach, Patiwat},
  journal={Communications of the ACM},
  volume={39},
  number={6},
  pages={45--51},
  year={1996},
  publisher={Association for Computing Machinery, Inc.}
}

@inproceedings{chaum1983blind,
  title={Blind signatures for untraceable payments},
  author={Chaum, David},
  booktitle={Advances in cryptology},
  pages={199--203},
  year={1983},
  organization={Springer}
}

@article{back2002hashcash,
  title={Hashcash-a denial of service counter-measure},
  author={Back, Adam and others},
  year={2002}
}

@article{dai1998b,
  title={B-money},
  author={Dai, Wei},
  journal={Consulted},
  volume={1},
  pages={2012},
  year={1998}
}

@article{hopwood2016zcash,
  title={Zcash protocol specification},
  author={Hopwood, Daira and Bowe, Sean and Hornby, Taylor and Wilcox, Nathan},
  journal={Tech. rep. 2016--1.10. Zerocoin Electric Coin Company, Tech. Rep.},
  year={2016}
}
